% Encoding: windows-1252

@InProceedings{graf1997construction,
  author    = {Susanne Graf and Hassen Sa{\"{\i}}di},
  title     = {Construction of Abstract State Graphs with {PVS}},
  booktitle = {CAV},
  year      = {1997},
  pages     = {72--83},
   publisher = {Springer}
}

@inproceedings{dwyer1998property,
  title={Property specification patterns for finite-state verification},
  author={Dwyer, Matthew B and Avrunin, George S and Corbett, James C},
  booktitle={Proceedings of the second workshop on Formal methods in software practice},
  pages={7--15},
  year={1998},
  organization={ACM}
}

@inproceedings{DBLP:conf/fm/MenghiSG16,
  author    = {Claudio Menghi and
               Paola Spoletini and
               Carlo Ghezzi},
  title     = {Dealing with Incompleteness in Automata-Based Model Checking},
  booktitle = {Formal Methods},
  pages     = {531--550},
  year      = {2016},
  organization={Springer}
}

@inproceedings{arcaini2015formal,
  title={Formal validation and verification of a medical software critical component},
  author={Arcaini, Paolo and Bonfanti, Silvia and Gargantini, Angelo and Mashkoor, Atif and Riccobene, Elvinia},
  booktitle={Formal Methods and Models for Codesign},
  pages={80--89},
  year={2015},
  organization={IEEE}
}



@InProceedings{buchi1960decision,
  Title                    = {On a decision method in restricted second order arithmetic},
  Author                   = {B{\"u}chi, J Richard},
  Booktitle                = {Proc. Internat. Congr. Logic, Method. and Philos. Sci},
  Year                     = {1960},
  Pages                    = {1--12}
}

@Book{katoen2008,
  Title                    = {Principles of Model Checking},
  Author                   = {Baier, Christel and Katoen, Joost-Pieter},
  Publisher                = {The MIT Press},
  Year                     = {2008},

  ISBN                     = {026202649X, 9780262026499}
}


@inproceedings{DBLP:conf/cav/GrafS97,
  author    = {Susanne Graf and
               Hassen Sa{\"{\i}}di},
  title     = {Construction of Abstract State Graphs with {PVS}},
  booktitle = {CAV},
  pages     = {72--83},
  year      = {1997},
  biburl    = {http://dblp.uni-trier.de/rec/bib/conf/cav/GrafS97},
  bibsource = {dblp computer science bibliography, http://dblp.org}
}

@InCollection{benevs2009checking,
  Title                    = {Checking thorough refinement on modal transition systems is EXPTIME-complete},
  Author                   = {Bene{\v{s}}, Nikola and K{\v{r}}et{\'\i}nsk{\`y}, Jan and Larsen, Kim G and Srba, Ji{\v{r}}{\'\i}},
  Booktitle                = {Theoretical Aspects of Computing},
  Publisher                = {Springer},
  Year                     = {2009},
  Pages                    = {112--126}
}


@article{Woodcock:2009:FMP:1592434.1592436,
  author    = {Jim Woodcock and
               Peter Gorm Larsen and
               Juan Bicarregui and
               John S. Fitzgerald},
  title     = {Formal methods: Practice and experience},
  publisher={ACM},
  journal   = {{ACM} {C}omputing {S}urveys},
  volume    = {41},
  number    = {4},
  year      = {2009}
  }



@inproceedings{rajan1995integration,
  title={An integration of model checking with automated proof checking},
  author={Rajan, Sreeranga and Shankar, Natarajan and Srivas, Mandayam K},
  booktitle={CAV},
  pages={84--97},
  year={1995},
  organization={Springer}
}

@InCollection{bruns2004MCmultivalued,
  Title                    = {Model checking with multi-valued logics},
  Author                   = {Bruns, Glenn and Godefroid, Patrice},
  Booktitle                = {Automata, Languages and Programming},
  Publisher                = {Springer},
  Year                     = {2004},
  Pages                    = {281--293}
}


@article{antonik2006efficient,
  title={{Efficient patterns for model checking partial state spaces in CTL $\cap$ LTL}},
  author={Antonik, Adam and Huth, Michael},
  journal={Electronic Notes in Theoretical Computer Science},
  volume={158},
  pages={41--57},
  year={2006},
  publisher={Elsevier}
}

@InProceedings{bruns2000model,
  Title                    = {Generalized Model Checking: Reasoning About Partial State Spaces},
  Author                   = {Bruns, Glenn and Godefroid, Patrice},
  Booktitle                = {International Conference on Concurrency Theory},
  Year                     = {2000},
  Pages                    = {168--182},
   Publisher={Springer}
}

@InProceedings{bruns1999model,
  Title                    = {Model checking partial state spaces with 3-valued temporal logics},
  Author                   = {Bruns, Glenn and Godefroid, Patrice},
  Booktitle                = {CAV},
  Year                     = {1999},
  Publisher             = {Springer},
  Pages                    = {274--287}
}

@InProceedings{clarke1982ctl,
  Title                    = {Design and Synthesis of Synchronization Skeletons Using Branching-Time Temporal Logic},
  Author                   = {Clarke, Edmund M. and Emerson, E. Allen},
  Booktitle                = {Logic of Programs, Workshop},
  Year                     = {1982},

  Address                  = {London, UK, UK},
  Pages                    = {52--71},
  Publisher                = {Springer-Verlag},

  Acmid                    = {747438},
  ISBN                     = {3-540-11212-X},
  Numpages                 = {20},
  Url                      = {http://dl.acm.org/citation.cfm?id=648063.747438}
}

@InProceedings{clarke1995efficient,
  Title                    = {Efficient generation of counterexamples and witnesses in symbolic model checking},
  Author                   = {Clarke, Edmund M and Grumberg, Orna and McMillan, Kenneth L and Zhao, Xudong},
  Booktitle                = {Design Automation Conference},
  Year                     = {1995},
  Organization             = {ACM}
}

@Book{clarke1999model,
  Title                    = {Model checking},
  Author                   = {Clarke, Edmund M and Grumberg, Orna and Peled, Doron},
  Publisher                = {MIT press},
  Year                     = {1999}
}

@InProceedings{courcoubetis1992memory,
  Title                    = {Memory-efficient algorithms for the verification of temporal properties},
  Author                   = {Courcoubetis, Costas and Vardi, Moshe and Wolper, Pierre and Yannakakis, Mihalis},
  Booktitle                = {CAV},
  Year                     = {1992},
  Organization             = {Springer},
  Pages                    = {129--142}
}

@Book{gallier2015logic,
  Title                    = {Logic for computer science: foundations of automatic theorem proving},
  Author                   = {Gallier, Jean H},
  Publisher                = {Courier Dover Publications},
  Year                     = {2015}
}

@InCollection{gerth1996ltl2ba,
  Title                    = {Simple on-the-fly automatic verification of linear temporal logic},
  Author                   = {Gerth, Rob and Peled, Doron and Vardi, Moshe Y and Wolper, Pierre},
  Booktitle                = {Protocol Specification, Testing and Verification},
  Publisher                = {Springer},
  Year                     = {1996},
  Pages                    = {3--18}
}

@InProceedings{godefroid2005MCvsGMC,
  Title                    = {Model checking vs. generalized model checking: semantic minimizations for temporal logics},
  Author                   = {P. Godefroid and M. Huth},
  Booktitle                = {Logic in Computer Science},
  Year                     = {2005},
  Pages                    = {158-167},
  Publisher = {{IEEE} Computer Society},

}

@InCollection{godefroid2001abstraction,
  Title                    = {Abstraction-based model checking using modal transition systems},
  Author                   = {Godefroid, Patrice and Huth, Michael and Jagadeesan, Radha},
  Booktitle                = {Concurrency Theory},
  Publisher                = {Springer},
  Year                     = {2001},
  Pages                    = {426--440}
}

@InProceedings{godefroid2002automatic,
  title={Automatic abstraction using generalized model checking},
  author={Godefroid, Patrice and Jagadeesan, Radha},
  booktitle={CAV},
  pages={137--151},
  year={2002},
  organization={Springer}
}

@Article{godefroid2011ltl,
  Title                    = {{LTL} generalized model checking revisited},
  Author                   = {Godefroid, Patrice and Piterman, Nir},
  Journal                  = {International journal on software tools for technology transfer},
  Year                     = {2011},
  Number                   = {6},
  Pages                    = {571--584},
  Volume                   = {13},
  Publisher                = {Springer}
}

@InCollection{gurfinkel2005thorough,
  Title                    = {How thorough is thorough enough?},
  Author                   = {Gurfinkel, Arie and Chechik, Marsha},
  Booktitle                = {Correct Hardware Design and Verification Methods},
  Publisher                = {Springer},
  Year                     = {2005},
  Pages                    = {65--80}
}

@InCollection{gurfinkel2003multi,
  Title                    = {Multi-valued model checking via classical model checking},
  Author                   = {Gurfinkel, Arie and Chechik, Marsha},
  Booktitle                = {Concurrency Theory},
  Publisher                = {Springer},
  Year                     = {2003},
  Pages                    = {266--280}
}

@InProceedings{gurfinkel2003proof,
  Title                    = {Proof-like Counter-Examples},
  Author                   = {Arie Gurfinkel and Marsha Chechik},
  Booktitle                = {In Tools and Algorithms for the Construction and Analysis of Systems},
  Year                     = {2003},
  publisher = {Springer},
  Pages                    = {160--175}
}

@InProceedings{henzinger2002temporal,
  Title                    = {Temporal-safety proofs for systems code},
  Author                   = {Henzinger, Thomas A and Necula, George C and Jhala, Ranjit and Sutre, Gregoire and Majumdar, Rupak and Weimer, Westley},
  Booktitle                = {CAV},
  Year                     = {2002},
  Organization             = {Springer},
  Pages                    = {526--538}
}

@InCollection{joyce1994hol,
  Title                    = {The HOL-Voss system: Model-checking inside a general-purpose theorem-prover},
  Author                   = {Joyce, Jeffrey and Seger, Carl},
  Booktitle                = {Higher Order Logic Theorem Proving and Its Applications},
  Publisher                = {Springer Berlin Heidelberg},
  Year                     = {1994},
  Editor                   = {Joyce, JeffreyJ. and Seger, Carl-JohanH.},
  Pages                    = {185-198},
  Series                   = {Lecture Notes in Computer Science},
  Volume                   = {780},

  Doi                      = {10.1007/3-540-57826-9_135},
  ISBN                     = {978-3-540-57826-0},
  Language                 = {English},
  Url                      = {http://dx.doi.org/10.1007/3-540-57826-9_135}
}

@Book{kleene1952,
  Title                    = {Introduction to Metamathematics},
  Author                   = {Stephen Cole Kleene},
  Publisher                = {North Holland},
  Year                     = {1952}
}

@Article{kozen1983mucalculus,
  Title                    = {Results on the propositional $\mu$-calculus},
  Author                   = {Dexter Kozen},
  Journal                  = {Theoretical Computer Science},
  Year                     = {1983},
  Number                   = {3},
  Pages                    = {333 - 354},
  Volume                   = {27},

  Doi                      = {http://dx.doi.org/10.1016/0304-3975(82)90125-6},
  ISSN                     = {0304-3975},
  Url                      = {http://www.sciencedirect.com/science/article/pii/0304397582901256}
}

@Article{Kripke1963-KRISCO,
  Title                    = {Semantical Considerations on Modal Logic},
  Author                   = {Saul A. Kripke},
  Journal                  = {Acta Philosophica Fennica},
  Year                     = {1963},
  Number                   = {1963},
  Pages                    = {83--94},
  Volume                   = {16}
}

@InCollection{kupferman2004complementation,
  Title                    = {From complementation to certification},
  Author                   = {Kupferman, Orna and Vardi, Moshe Y},
  Booktitle                = {Tools and Algorithms for the Construction and Analysis of Systems},
  Publisher                = {Springer},
  Year                     = {2004},
  Pages                    = {591--606}
}

@InProceedings{larsen1988modal,
  Title                    = {A modal process logic},
  Author                   = {Larsen, Kim G and Thomsen, Bent},
  Booktitle                = {Logic in Computer Science},
  Year                     = {1988},
  Organization             = {IEEE},
  Pages                    = {203--210}
}

@Book{manna2012temporal,
  Title                    = {The temporal logic of reactive and concurrent systems: Specification},
  Author                   = {Manna, Zohar and Pnueli, Amir},
  Publisher                = {Springer},
  Year                     = {1992}
}

@InProceedings{namjoshi2001certifying,
  Title                    = {Certifying Model Checkers},
  Author                   = {Namjoshi, Kedar S.},
  Year                     = {2001},
Booktitle                = {CAV},
  Pages                    = {2--13},
  Publisher                = {Springer}
}

@InCollection{peled2001falsification,
  Title                    = {From falsification to verification},
  Author                   = {Peled, Doron and Pnueli, Amir and Zuck, Lenore},
  Booktitle                = {Foundations of Software Technology and Theoretical Computer Science},
  Publisher                = {Springer},
  Year                     = {2001},
  Pages                    = {292--304}
}

@InProceedings{peled2001model,
  Title                    = {From model checking to a temporal proof},
  Author                   = {Peled, Doron and Zuck, Lenore},
  Booktitle                = {International SPIN workshop on Model checking of software},
  Year                     = {2001},
  Organization             = {Springer},
  Pages                    = {1--14}
}

@InProceedings{pnueli1977temporal,
  Title                    = {The temporal logic of programs},
  Author                   = {Pnueli, Amir},
  Booktitle                = {Foundations of Computer Science},
  Year                     = {1977},
  Organization             = {IEEE},
  Pages                    = {46--57}
}

@InProceedings{quielle1982MC,
  Title                    = {Specification and Verification of Concurrent Systems in CESAR},
  Author                   = {Queille, Jean-Pierre and Sifakis, Joseph},
  Booktitle                = {Proceedings of the 5th Colloquium on International Symposium on Programming},
  Year                     = {1982},

  Address                  = {London, UK, UK},
  Pages                    = {337--351},
  Publisher                = {Springer-Verlag},

  Acmid                    = {721668},
  ISBN                     = {3-540-11494-7},
  Numpages                 = {15}
}

@Article{segerberg1967somemodal,
  Title                    = {Some Modal Logics Based on a Three-Valued Logic},
  Author                   = {Krister Segerberg},
  Journal                  = {Theoria},
  Year                     = {1967},
  Number                   = {1},
  Pages                    = {53--71},
  Volume                   = {33},

  Publisher                = {Philosophy Department, Stockholm University}
}

@InCollection{stirling1995local,
  Title                    = {Local model checking games (extended abstract)},
  Author                   = {Stirling, Colin},
  Booktitle                = {CONCUR '95: Concurrency Theory},
  Publisher                = {Springer Berlin Heidelberg},
  Year                     = {1995},
  Editor                   = {Lee, Insup and Smolka, ScottA.},
  Pages                    = {1-11},
  Series                   = {Lecture Notes in Computer Science},
  Volume                   = {962},

  Doi                      = {10.1007/3-540-60218-6_1},
  ISBN                     = {978-3-540-60218-7},
  Language                 = {English},
  Url                      = {http://dx.doi.org/10.1007/3-540-60218-6_1}
}

@InCollection{cleaveland2002evidence,
  Title                    = {Evidence-Based Model Checking},
  Author                   = {Tan, Li and Cleaveland, Rance},
  Booktitle                = {CAV},
  Publisher                = {Springer},
  Year                     = {2002},
  Pages                    = {455-470},
}

@Article{tarjan1972dfs,
  Title                    = {Depth first search and linear graph algorithms},
  Author                   = {Robert Tarjan},
  Journal                  = {SIAM Journal on Computing},
  Year                     = {1972}
}

@Article{vardi1996modal,
  Title                    = {Why is modal logic so robustly decidable?},
  Author                   = {Vardi, Moshe Y},
  Journal                  = {Descriptive complexity and finite models},
  Year                     = {1996},
  Pages                    = {149--184},
  Volume                   = {31}
}

@Article{wolper1985tableau,
  Title                    = {The tableau method for temporal logic: An overview},
  Author                   = {Wolper, Pierre},
  Year                     = {1985}
}

@Book{peled2013software,
  Title                    = {Software Reliability Methods},
  Editor                   = {Peled, Doron A. and Gries, David and Schneider, Fred B.},
  Publisher                = {Springer-Verlag New York, Inc.},
  Year                     = {2001},

  Address                  = {Secaucus, NJ, USA},

  ISBN                     = {0-387-95106-7}
}

@online{ltlpatternsurl,
  author = {
  Alavi, Hamid  and
Avrunin, George  and
Corbett, James and
Dillon, Laura and 
Dwyer, Matt and
Pasareanu, Corina 
  },
  title = {Spec Patterns},
  year = 2017,
  note = {Available at \url{http://patterns.projects.cs.ksu.edu/documentation/patterns/ltl.shtm}l},
  urldate = {2017-04-11}
}

@article{bernasconi2017example,
  title={From model checking to a temporal proof for partial models: preliminary example},
  author={Bernasconi, Anna and Menghi, Claudio and Spoletini, Paola and Zuck, Lenore and Ghezzi, Carlo},
  journal={arXiv preprint arXiv:1706.02701},
  year={2017}
}

@Comment{jabref-meta: databaseType:bibtex;}
